<?xml version="1.0" encoding="UTF-8"?><collection><record><leader>02086ntm a2200385 a 4500</leader><controlfield tag="001">002641716</controlfield><controlfield tag="003">MiAaHDL</controlfield><controlfield tag="005">20190719000000.0</controlfield><controlfield tag="006">m        d        </controlfield><controlfield tag="007">cr bn ---auaua</controlfield><controlfield tag="008">930712s1720    xx            00||  ara d</controlfield><datafield tag="035" ind1=" " ind2=" "><subfield code="a">(MiU)002641716</subfield></datafield><datafield tag="035" ind1=" " ind2=" "><subfield code="a">sdr-miu002641716</subfield></datafield><datafield tag="035" ind1=" " ind2=" "><subfield code="a">(OCoLC)34366704</subfield></datafield><datafield tag="035" ind1=" " ind2=" "><subfield code="a">(RLIN)MIUH93-A186</subfield></datafield><datafield tag="040" ind1=" " ind2=" "><subfield code="a">MiU</subfield><subfield code="c">MiU</subfield><subfield code="e">appm</subfield></datafield><datafield tag="100" ind1="1" ind2=" "><subfield code="6">880-01</subfield><subfield code="a">Quṭb al-Taḥtānī, Muḥammad ibn Muḥammad,</subfield><subfield code="d">1294 or 1295-1364 or 1365.</subfield></datafield><datafield tag="245" ind1="1" ind2="0"><subfield code="6">880-02</subfield><subfield code="a">Lawāmiʻ al-asrār fī sharḥ maṭāliʻ al-anwār :</subfield><subfield code="k">manuscript,</subfield><subfield code="f">[1720].</subfield></datafield><datafield tag="300" ind1=" " ind2=" "><subfield code="a">1</subfield><subfield code="f">v. ([478] p.) ;</subfield><subfield code="c">22 cm.</subfield></datafield><datafield tag="500" ind1=" " ind2=" "><subfield code="a">Watermark: Three crescents. See Edward Heawood, Watermarks, Mainly of the 17th and 18th Centuries (Hilversum, 1950), p. 24.</subfield></datafield><datafield tag="500" ind1=" " ind2=" "><subfield code="a">Contains tables, two left blank.</subfield></datafield><datafield tag="500" ind1=" " ind2=" "><subfield code="a">In Maghribī script.</subfield></datafield><datafield tag="500" ind1=" " ind2=" "><subfield code="a">Text rubricated in red, yellow, and green; marginal notes and corrections in hand of copyist; vol. has edge title: sharḥ Quṭb al-Maṭāliʻ fī al-manṭiq.</subfield></datafield><datafield tag="500" ind1=" " ind2=" "><subfield code="a">Date based on Quaritch catalog description.</subfield></datafield><datafield tag="510" ind1="4" ind2=" "><subfield code="a">GAL,</subfield><subfield code="c">v. II, p. 271; Quaritch, 564:819</subfield></datafield><datafield tag="520" ind1=" " ind2=" "><subfield code="a">"Commentary on Maṭāliʻ al-anwār, a work on logic by Sirāj al-Dīn Maḥmūd ibn abī Bakr, al-Urmawī." Cataloging by Elinor M. Husselman, 1945.</subfield></datafield><datafield tag="538" ind1=" " ind2=" "><subfield code="a">Mode of access: Internet.</subfield></datafield><datafield tag="541" ind1=" " ind2=" "><subfield code="d">08/15/40</subfield><subfield code="3">Manuscript</subfield><subfield code="a">SS1476</subfield><subfield code="c">Purchase, 1940</subfield><subfield code="h">18s 0d</subfield></datafield><datafield tag="545" ind1=" " ind2=" "><subfield code="a">Muslim philosopher, born in Persia and died in Damascus, Syria.</subfield></datafield><datafield tag="561" ind1=" " ind2=" "><subfield code="a">Purchase: Stephen Spaulding memorial collection, 1940 (SS1476).</subfield></datafield><datafield tag="600" ind1="1" ind2="0"><subfield code="6">880-03</subfield><subfield code="a">Urmawī, Sirāj al-Dīn Maḥmūd ibn Abī Bakr,</subfield><subfield code="d">1198-1283.</subfield><subfield code="t">Maṭāliʻ al-anwār.</subfield></datafield><datafield tag="650" ind1=" " ind2="0"><subfield code="a">Logic, Medieval</subfield><subfield code="x">Early works to 1800.</subfield></datafield><datafield tag="650" ind1=" " ind2="0"><subfield code="a">Manuscripts, Arabic</subfield><subfield code="z">Michigan</subfield><subfield code="z">Ann Arbor.</subfield></datafield><datafield tag="880" ind1="0" ind2="4"><subfield code="6">600-03/</subfield><subfield code="a">سراج الدين محمود بن أبي بكر الأرموي.</subfield><subfield code="t">مطالع الأنوار.</subfield></datafield><datafield tag="880" ind1="1" ind2="0"><subfield code="6">245-02/</subfield><subfield code="a">لوامع الأسرار في شرح مطالع الأنوار :</subfield><subfield code="k">manuscript،</subfield><subfield code="f">[1720].</subfield></datafield><datafield tag="880" ind1="0" ind2=" "><subfield code="6">100-01/</subfield><subfield code="a">محمد بن محمد قطب التحتاني.</subfield></datafield><datafield tag="CID" ind1=" " ind2=" "><subfield code="a">002641716</subfield></datafield><datafield tag="DAT" ind1="0" ind2=" "><subfield code="a">20190719102632.0</subfield><subfield code="b">20190719000000.0</subfield></datafield><datafield tag="DAT" ind1="1" ind2=" "><subfield code="a">20190719090653.0</subfield><subfield code="b">2019-07-19T16:10:46Z</subfield></datafield><datafield tag="DAT" ind1="2" ind2=" "><subfield code="a">2015-10-10T18:00:06Z</subfield></datafield><datafield tag="CAT" ind1=" " ind2=" "><subfield code="a">SDR-MIU</subfield><subfield code="d">EX LIBRIS - ALEPH</subfield><subfield code="l">prepare.pl-004-008</subfield></datafield><datafield tag="FMT" ind1=" " ind2=" "><subfield code="a">BK</subfield></datafield><datafield tag="HOL" ind1=" " ind2=" "><subfield code="0">sdr-miu002641716</subfield><subfield code="a">MiU</subfield><subfield code="b">SDR</subfield><subfield code="c">MIU</subfield><subfield code="p">mdp.39015081447610</subfield><subfield code="s">MIU</subfield><subfield code="1">002641716</subfield></datafield><datafield tag="974" ind1=" " ind2=" "><subfield code="b">MIU</subfield><subfield code="c">MIU</subfield><subfield code="d">20190719</subfield><subfield code="s">lit-dlps-dc</subfield><subfield code="u">mdp.39015081447610</subfield><subfield code="y">1720</subfield><subfield code="r">pd</subfield><subfield code="q">bib</subfield><subfield code="t">non-US bib date1 &lt; 1896</subfield></datafield></record></collection>